<record><leader>00000cas a2200000 a 4500</leader><controlfield tag="001">10745618</controlfield><controlfield tag="008">840517d19681994wyuwr ne      0   a0eng c</controlfield><datafield ind1=" " ind2=" " tag="010"><subfield code="a">sn 84007650 </subfield></datafield><datafield ind1=" " ind2=" " tag="040"><subfield code="a">DPL</subfield><subfield code="b">eng</subfield><subfield code="c">DPL</subfield><subfield code="d">NSD</subfield><subfield code="d">DLC</subfield><subfield code="d">NVO</subfield><subfield code="d">NSD</subfield><subfield code="d">DLC</subfield><subfield code="d">OCL</subfield><subfield code="d">OCLCQ</subfield><subfield code="d">OCLCF</subfield><subfield code="d">OCLCO</subfield></datafield><datafield ind1=" " ind2=" " tag="012"><subfield code="j">0</subfield><subfield code="m">d</subfield></datafield><datafield ind1="1" ind2=" " tag="022"><subfield code="a">8750-0809</subfield><subfield code="l">8750-0809</subfield><subfield code="2">1</subfield></datafield><datafield ind1="1" ind2=" " tag="029"><subfield code="a">AU@</subfield><subfield code="b">000020428337</subfield></datafield><datafield ind1=" " ind2=" " tag="042"><subfield code="a">nsdp</subfield><subfield code="a">pcc</subfield></datafield><datafield ind1=" " ind2=" " tag="043"><subfield code="a">n-us-wy</subfield></datafield><datafield ind1="0" ind2="0" tag="050"><subfield code="a">Newspaper</subfield></datafield><datafield ind1=" " ind2="0" tag="222"><subfield code="a">Sunday Wyoming tribune-eagle</subfield></datafield><datafield ind1="0" ind2="0" tag="245"><subfield code="a">Sunday Wyoming tribune-eagle.</subfield></datafield><datafield ind1="1" ind2="0" tag="246"><subfield code="a">Sunday Wyoming tribune eagle</subfield></datafield><datafield ind1="1" ind2="0" tag="246"><subfield code="a">Wyoming tribune eagle</subfield></datafield><datafield ind1="1" ind2="0" tag="246"><subfield code="a">Wyoming tribune-eagle</subfield></datafield><datafield ind1="1" ind2="0" tag="246"><subfield code="a">Tribune-eagle</subfield></datafield><datafield ind1=" " ind2=" " tag="260"><subfield code="a">Cheyenne, Wyo. :</subfield><subfield code="b">Robert S. McCraken,</subfield><subfield code="c">1968-1994.</subfield></datafield><datafield ind1=" " ind2=" " tag="300"><subfield code="a">v. :</subfield><subfield code="b">ill. ;</subfield><subfield code="c">58 cm.</subfield></datafield><datafield ind1=" " ind2=" " tag="310"><subfield code="a">Weekly (Sunday &amp; holidays),</subfield><subfield code="b">&lt;1984&gt;-1994</subfield></datafield><datafield ind1=" " ind2=" " tag="321"><subfield code="a">Weekly (Sunday)</subfield></datafield><datafield ind1="0" ind2=" " tag="362"><subfield code="a">Vol. 1, no. 1 (Sept. 8, 1968)-v. 26, no. 27 (Apr. 3, 1994).</subfield></datafield><datafield ind1=" " ind2=" " tag="580"><subfield code="a">Published joint Sunday issues of: Wyoming state tribune (Cheyenne, Wyo. : 1937), and: The Wyoming eagle, called: Sunday Wyoming tribune-eagle, Sept. 8, 1968-1994, holiday issues called: The Wyoming tribune-eagle, &lt;1984&gt;-1994.</subfield></datafield><datafield ind1=" " ind2=" " tag="580"><subfield code="a">Merged with: Wyoming eagle, and: Wyoming state tribune (Cheyenne, Wyo. : 1937), to form: Wyoming tribune-eagle.</subfield></datafield><datafield ind1=" " ind2="0" tag="651"><subfield code="a">Cheyenne (Wyo.)</subfield><subfield code="v">Newspapers.</subfield></datafield><datafield ind1=" " ind2="0" tag="651"><subfield code="a">Laramie County (Wyo.)</subfield><subfield code="v">Newspapers.</subfield></datafield><datafield ind1=" " ind2="7" tag="655"><subfield code="a">Newspapers.</subfield><subfield code="2">fast</subfield><subfield code="0">(OCoLC)fst01423814</subfield></datafield><datafield ind1=" " ind2="7" tag="651"><subfield code="a">Wyoming</subfield><subfield code="z">Cheyenne.</subfield><subfield code="2">fast</subfield><subfield code="0">(OCoLC)fst01207517</subfield></datafield><datafield ind1=" " ind2="7" tag="651"><subfield code="a">Wyoming</subfield><subfield code="z">Laramie County.</subfield><subfield code="2">fast</subfield><subfield code="0">(OCoLC)fst01225729</subfield></datafield><datafield ind1=" " ind2=" " tag="752"><subfield code="a">United States</subfield><subfield code="b">Wyoming</subfield><subfield code="c">Laramie</subfield><subfield code="d">Cheyenne.</subfield></datafield><datafield ind1="1" ind2=" " tag="775"><subfield code="t">Wyoming state tribune (Cheyenne, Wyo. : 1937)</subfield><subfield code="w">(DLC)sn 84007648</subfield><subfield code="w">(OCoLC)10745699</subfield></datafield><datafield ind1="1" ind2=" " tag="775"><subfield code="t">Wyoming eagle</subfield><subfield code="w">(DLC)sn 84007652</subfield><subfield code="w">(OCoLC)10960765</subfield></datafield><datafield ind1="1" ind2="7" tag="785"><subfield code="t">Wyoming state tribune (Cheyenne, Wyo. : 1937)</subfield><subfield code="w">(DLC)sn 84007648</subfield><subfield code="w">(OCoLC)10745699</subfield></datafield><datafield ind1="1" ind2="7" tag="785"><subfield code="t">Wyoming eagle</subfield><subfield code="w">(DLC)sn 84007652</subfield><subfield code="w">(OCoLC)10960765</subfield></datafield><datafield ind1="1" ind2="7" tag="785"><subfield code="t">Wyoming tribune-eagle</subfield><subfield code="x">1075-783X</subfield><subfield code="w">(DLC)sn 93070124</subfield><subfield code="w">(OCoLC)30087687</subfield></datafield></record>